@InProceedings{FrRo2010Diffusion,
  author = {{Frederix}, Yves and {Roose}, Dirk},
  title = "A drift-filtered approach to diffusion estimation for
    multiscale processes",
  booktitle = {Coping with complexity: model reduction and data analysis},
  year =  {2010},
  volume = {75},
  series = {Lecture Notes in Computational Science and Engineering},
  publisher = {Springer-Verlag},
}

@phdthesis{Meert2011PhD,
	Author = {Meert, Wannes},
	Month = Mar,
	Note = {Blockeel, Hendrik (supervisor)},
	Pages = {188 + xix},
	School = {Informatics Section, Department of Computer Science, Faculty of Engineering},
	Title = {Inference and Learning for Directed Probabilistic Logic Models},
	Url = {https://lirias.kuleuven.be/handle/123456789/298694},
	Year = {2011},
}

@inproceedings{VandenBroeck2011IJCAI,
	Author = {Van den Broeck, Guy and Taghipour, Nima and Meert, Wannes and Davis, Jesse and De Raedt, Luc},
	Title = {Lifted probabilistic inference by first-order knowledge compilation},
	Booktitle = {Proceedings of the 22th International Joint Conference on Artificial Intelligence (IJCAI)},
	Eventdate = {2011-07-16/2011-07-22},
	Eventtitle = {22th International Joint Conference on Artificial Intelligence (IJCAI)},
	Keywords = {ijcai},
	Read = {Yes},
	Venue = {Barcelona, Spain},
	Year = {2011}
}

@book{LucRLbook,
  author    = {De Raedt, Luc },
  title     = {Logical and relational learning},
  series    = {Cognitive Technologies},
  publisher = {Springer},
  year      = {2008}
}


@book{GetoorSRL,
 author = {Getoor, Lise and Taskar, Ben},
 title = {Introduction to Statistical Relational Learning (Adaptive Computation and Machine Learning)},
 year = {2007},
 isbn = {0262072882},
 publisher = {The MIT Press}
} 


@book{Raedt:2016:SRA:3027718,
 author = {Raedt, Luc de and Poole, David and Kersting, Kristian and Natarajan, Sriraam},
 title = {Statistical Relational Artificial Intelligence: Logic, Probability, and Computation},
 year = {2016},
 isbn = {1627058419, 9781627058414},
 publisher = {Morgan \& Claypool Publishers},
} 



@article{Estivill-Castro:2002,
 author = {Estivill-Castro, Vladimir},
 title = {Why So Many Clustering Algorithms: A Position Paper},
 journal = {SIGKDD Explor. Newsl.},
 issue_date = {June 2002},
 volume = {4},
 number = {1},
 month = jun,
 year = {2002},
 pages = {65--75},
 numpages = {11},
 publisher = {ACM},
 address = {New York, NY, USA}
} 

@article{MuggletonR94,
  author    = {Stephen Muggleton and
               Luc {De Raedt}},
  title     = {Inductive Logic Programming: Theory and Methods},
  journal   = {J. Log. Program.},
  volume    = {19/20},
  pages     = {629--679},
  year      = {1994},
  url       = {http://dx.doi.org/10.1016/0743-1066(94)90035-3},
  doi       = {10.1016/0743-1066(94)90035-3},
  timestamp = {Thu, 01 Dec 2011 17:16:23 +0100},
  biburl    = {http://dblp.uni-trier.de/rec/bib/journals/jlp/MuggletonR94},
  bibsource = {dblp computer science bibliography, http://dblp.org}
}

@article{DzeroskiB04,
  author    = {Saso Dzeroski and
               Hendrik Blockeel},
  title     = {Multi-relational data mining 2004: workshop report},
  journal   = {{SIGKDD} Explorations},
  volume    = {6},
  number    = {2},
  pages     = {140--141},
  year      = {2004},
  url       = {http://doi.acm.org/10.1145/1046456.1046481},
  doi       = {10.1145/1046456.1046481},
  timestamp = {Thu, 09 Feb 2006 13:36:45 +0100},
  biburl    = {http://dblp.uni-trier.de/rec/bib/journals/sigkdd/DzeroskiB04},
  bibsource = {dblp computer science bibliography, http://dblp.org}
}

@book{Cook2006,
 author = {Cook, Diane J. and Holder, Lawrence B.},
 title = {Mining Graph Data},
 year = {2006},
 isbn = {0471731900},
 publisher = {John Wiley \& Sons},
} 


@article{Perlich:2006,
 author = {Perlich, Claudia and Provost, Foster},
 title = {Distribution-based Aggregation for Relational Learning with Identifier Attributes},
 journal = {Mach. Learn.},
 issue_date = {February  2006},
 volume = {62},
 number = {1-2},
 month = feb,
 year = {2006},
 issn = {0885-6125},
 pages = {65--105},
 numpages = {41},
 url = {http://dx.doi.org/10.1007/s10994-006-6064-1},
 doi = {10.1007/s10994-006-6064-1},
 acmid = {1113913},
 publisher = {Kluwer Academic Publishers},
 address = {Hingham, MA, USA},
 keywords = {aggregation, identifiers, networks, relational learning},
} 

@inproceedings{Bickel:2004,
 author = {Bickel, Steffen and Scheffer, Tobias},
 title = {Multi-View Clustering},
 booktitle = {Proceedings of the Fourth IEEE International Conference on Data Mining},
 series = {ICDM '04},
 year = {2004},
 pages = {19--26},
 publisher = {IEEE Computer Society},
 address = {Washington, DC, USA}
}

@inproceedings{kok2010motifs,
  title={Learning Markov logic networks using structural motifs},
  author={Kok, Stanley and Domingos, Pedro},
  booktitle={Proceedings of the 27th international conference on machine learning (ICML-10)},
  pages={551--558},
  year={2010}
}

@inproceedings{Richards:92AAb,
  AUTHOR = {B. L. Richards and R. J. Mooney},
  TITLE = {Learning Relations by Pathfinding},
  YEAR = 1992,
  BOOKTITLE = {Proc. of AAAI-92},
  ADDRESS = "San Jose, CA",
  PAGES = {50-55},
}

@incollection{Lovasz1996,
  address = {Budapest},
  author = {Lov\'asz, L.},
  booktitle = {Combinatorics, Paul Erd\H{o}s is Eighty},
  editor = {{Mikl\'os}, D. and {S\'os}, V. T. and {Sz\H{o}nyi}, T.},
  keywords = {networks structure dynamics},
  pages = {353-398},
  publisher = {J\'anos Bolyai Mathematical Society},
  title = {Random Walks on Graphs: A Survey},
  username = {lantiq},
  volume = 2,
  year = 1996
}

@inproceedings{Ong2005,
author={Ong, Irene M. and Castro Dutra, In{\^e}s and Page, David and Costa, V{\'i}tor Santos},
title="Mode Directed Path Finding",
booktitle="16th European Conference on Machine Learning",
year="2005",
publisher="Springer Berlin Heidelberg",
address="Berlin, Heidelberg",
pages="673--681"
}

@proceedings{bader2012dimacs,
    doi = {10.1090/conm/588},
    editor = {Bader, David A. and Meyerhenke, Henning and Sanders, Peter and Wagner, Dorothea},
    keywords = {clustering, graph, partitioning},
    posted-at = {2016-01-04 07:59:28},
    priority = {2},
    publisher = {American Mathematical Society},
    series = {Contemporary Mathematics},
    title = {Graph Partitioning and Graph Clustering - 10th {DIMACS} Implementation Challenge Workshop, Georgia Institute of Technology, Atlanta, GA, USA, February 13-14, 2012. Proceedings},
    url = {http://dx.doi.org/10.1090/conm/588},
    volume = {588},
    year = {2013}
}

@inproceedings{Bille:2005,
 author = {Bille, Philip},
 title = {A Survey on Tree Edit Distance and Related Problems},
 journal = {Theoretical Computer Science},
 issue_date = {9 June 2005},
 volume = {337},
 number = {1-3},
 month = jun,
 year = {2005},
 issn = {0304-3975},
 pages = {217--239},
 numpages = {23},
 publisher = {Elsevier Science Publishers Ltd.},
 address = {Essex, UK},
 keywords = {tree alignment, tree edit distance, tree inclusion, tree matching},
} 

@article{Bengio:2009,
 author = {Bengio, Yoshua},
 title = {Learning Deep Architectures for AI},
 journal = {Found. Trends Mach. Learn.},
 issue_date = {January 2009},
 volume = {2},
 number = {1},
 month = jan,
 year = {2009},
 issn = {1935-8237},
 pages = {1--127},
 numpages = {127},
 url = {http://dx.doi.org/10.1561/2200000006},
 doi = {10.1561/2200000006},
 acmid = {1658424},
 publisher = {Now Publishers Inc.},
 address = {Hanover, MA, USA}
} 

@INPROCEEDINGS{Bengio07greedylayer-wise,
    author = {Yoshua Bengio and Pascal Lamblin and Dan Popovici and Hugo Larochelle },
    title = {Greedy layer-wise training of deep networks},
    booktitle = {NIPS},
    year = {2007},
    publisher = {MIT Press}
}

@article {Hinton504,
  author = {Hinton, G. E. and Salakhutdinov, R. R.},
  title = {Reducing the Dimensionality of Data with Neural Networks},
  volume = {313},
  number = {5786},
  pages = {504--507},
  year = {2006},
  doi = {10.1126/science.1127647},
  publisher = {American Association for the Advancement of Science},
  issn = {0036-8075},
  URL = {http://science.sciencemag.org/content/313/5786/504},
  eprint = {http://science.sciencemag.org/content/313/5786/504.full.pdf},
  journal = {Science}
}

@inproceedings{RanzatoBL07,
  added-at = {2014-12-11T00:00:00.000+0100},
  author = {Ranzato, Marc'Aurelio and Boureau, Y-Lan and LeCun, Yann},
  biburl = {http://www.bibsonomy.org/bibtex/28bcce63010e365e3c3817b3fd1ea3d96/dblp},
  booktitle = {NIPS},
  ee = {http://papers.nips.cc/paper/3363-sparse-feature-learning-for-deep-belief-networks},
  interhash = {9f1abaad4d8096ebc0fa094be947efbb},
  intrahash = {8bcce63010e365e3c3817b3fd1ea3d96},
  keywords = {dblp},
  pages = {1185-1192},
  publisher = {Curran Associates, Inc.},
  timestamp = {2015-06-19T08:28:56.000+0200},
  title = {Sparse Feature Learning for Deep Belief Networks.},
  url = {http://dblp.uni-trier.de/db/conf/nips/nips2007.html#RanzatoBL07},
  year = 2007
}

@inproceedings{coates2011analysis,
  added-at = {2013-02-20T09:03:53.000+0100},
  author = {Coates, A. and Lee, H. and Ng, A.Y.},
  biburl = {http://www.bibsonomy.org/bibtex/2bcb2c1fd335ae57362cdf348ff727589/jaeschke},
  booktitle = {Proceedings of the Fourteenth International Conference on Artificial Intelligence and Statistics},
  interhash = {46cfb4b5b1c16c79a966512e07f67158},
  intrahash = {bcb2c1fd335ae57362cdf348ff727589},
  keywords = {feature learning machine ml unsupervised},
  pages = {215--223},
  publisher = {JMLR W\&CP},
  series = {JMLR Workshop and Conference Proceedings},
  timestamp = {2014-07-28T15:57:31.000+0200},
  title = {An analysis of single-layer networks in unsupervised feature learning},
  url = {http://jmlr.csail.mit.edu/proceedings/papers/v15/coates11a.html},
  volume = 15,
  year = 2011
}

@article{Bengio2013RLR,
 author = {Bengio, Yoshua and Courville, Aaron and Vincent, Pascal},
 title = {Representation Learning: A Review and New Perspectives},
 journal = {IEEE Trans. Pattern Anal. Mach. Intell.},
 issue_date = {August 2013},
 volume = {35},
 number = {8},
 month = aug,
 year = {2013},
 issn = {0162-8828},
 pages = {1798--1828},
 numpages = {31},
 url = {http://dx.doi.org/10.1109/TPAMI.2013.50},
 doi = {10.1109/TPAMI.2013.50},
 acmid = {2498889},
 publisher = {IEEE Computer Society},
 address = {Washington, DC, USA}
}

@inproceedings{Popescul2004,
 author = {Popescul, Alexandrin and Ungar, Lyle H.},
 title = {Cluster-based Concept Invention for Statistical Relational Learning},
 booktitle = {Proceedings of the Tenth ACM SIGKDD International Conference on Knowledge Discovery and Data Mining},
 series = {KDD '04},
 year = {2004},
 isbn = {1-58113-888-1},
 location = {Seattle, WA, USA},
 pages = {665--670},
 numpages = {6},
 url = {http://doi.acm.org/10.1145/1014052.1014137},
 doi = {10.1145/1014052.1014137},
 acmid = {1014137},
 publisher = {ACM},
 address = {New York, NY, USA},
 keywords = {clustering, feature generation, relational learning}
} 

@inproceedings{Kok2008,
 author = {Kok, Stanley and Domingos, Pedro},
 title = {Extracting Semantic Networks from Text Via Relational Clustering},
 booktitle = {Proceedings of the 2008 European Conference on Machine Learning and Knowledge Discovery in Databases - Part I},
 series = {ECML PKDD '08},
 year = {2008},
 isbn = {978-3-540-87478-2},
 location = {Antwerp, Belgium},
 pages = {624--639},
 numpages = {16},
 url = {http://dx.doi.org/10.1007/978-3-540-87479-9_59},
 doi = {10.1007/978-3-540-87479-9_59},
 acmid = {1431995},
 publisher = {Springer-Verlag},
 address = {Berlin, Heidelberg}
} 

@inproceedings{Kok2007,
 author = {Kok, Stanley and Domingos, Pedro},
 title = {Statistical Predicate Invention},
 booktitle = {Proceedings of the 24th International Conference on Machine Learning},
 series = {ICML '07},
 year = {2007},
 isbn = {978-1-59593-793-3},
 location = {Corvalis, Oregon, USA},
 pages = {433--440},
 numpages = {8},
 url = {http://doi.acm.org/10.1145/1273496.1273551},
 doi = {10.1145/1273496.1273551},
 acmid = {1273551},
 publisher = {ACM},
 address = {New York, NY, USA}
} 


@article{Richardson2006,
 author = {Richardson, Matthew and Domingos, Pedro},
 title = {Markov Logic Networks},
 journal = {Mach. Learn.},
 issue_date = {February  2006},
 volume = {62},
 number = {1-2},
 month = feb,
 year = {2006},
 issn = {0885-6125},
 pages = {107--136},
 numpages = {30},
 url = {http://dx.doi.org/10.1007/s10994-006-5833-1},
 doi = {10.1007/s10994-006-5833-1},
 acmid = {1113910},
 publisher = {Kluwer Academic Publishers},
 address = {Hingham, MA, USA},
 keywords = {First-order logic, Graphical models, Inductive logic programming, Knowledge-based model construction, Link prediction, Log-linear models, Markov chain Monte Carlo, Markov networks, Markov random fields, Pseudo-likelihood, Satisfiability, Statistical relational learning}
} 

@article{Kramer1995,
author = {Stefan Kramer},
title = {{Predicate Invention: A Comprehensive View}},
year = {1995},
masid = {239508},
journal = {Technical report}
}

@article{Craven2001,
 author = {Craven, Mark and Slattery, Se\'{a}n},
 title = {Relational Learning with Statistical Predicate Invention: Better Models for Hypertext},
 journal = {Mach. Learn.},
 issue_date = {April-May 2001},
 volume = {43},
 number = {1-2},
 month = apr,
 year = {2001},
 issn = {0885-6125},
 pages = {97--119},
 numpages = {23},
 url = {http://dx.doi.org/10.1023/A:1007676901476},
 doi = {10.1023/A:1007676901476},
 acmid = {599637},
 publisher = {Kluwer Academic Publishers},
 address = {Hingham, MA, USA},
 keywords = {Naive Bayes, predicate invention, relational learning, text categorization}
} 

@article{Karypis:1998:FHQ:305219.305248,
 author = {Karypis, George and Kumar, Vipin},
 title = {A Fast and High Quality Multilevel Scheme for Partitioning Irregular Graphs},
 journal = {SIAM J. Sci. Comput.},
 issue_date = {Aug. 1998},
 volume = {20},
 number = {1},
 month = dec,
 year = {1998},
 issn = {1064-8275},
 pages = {359--392},
 numpages = {34},
 url = {http://dx.doi.org/10.1137/S1064827595287997},
 doi = {10.1137/S1064827595287997},
 acmid = {305248},
 publisher = {Society for Industrial and Applied Mathematics},
 address = {Philadelphia, PA, USA}
} 

@article{Nickel0TG16,
  author    = {Maximilian Nickel and
               Kevin Murphy and
               Volker Tresp and
               Evgeniy Gabrilovich},
  title     = {A Review of Relational Machine Learning for Knowledge Graphs},
  journal   = {Proceedings of the {IEEE}},
  volume    = {104},
  number    = {1},
  pages     = {11--33},
  year      = {2016}
}

@inproceedings{DBLP:conf/nips/Niepert16,
  author    = {Mathias Niepert},
  title     = {Discriminative Gaifman Models},
  booktitle = {Advances in Neural Information Processing Systems 29: Annual Conference
               on Neural Information Processing Systems 2016, December 5-10, 2016,
               Barcelona, Spain},
  pages     = {3405--3413},
  year      = {2016},
  crossref  = {DBLP:conf/nips/2016},
  url       = {http://papers.nips.cc/paper/6098-discriminative-gaifman-models},
  timestamp = {Fri, 03 Mar 2017 14:59:41 +0100},
  biburl    = {http://dblp.uni-trier.de/rec/bib/conf/nips/Niepert16},
  bibsource = {dblp computer science bibliography, http://dblp.org}
}

@inproceedings{Bordes:2011:LSE,
 author = {Bordes, Antoine and Weston, Jason and Collobert, Ronan and Bengio, Yoshua},
 title = {Learning Structured Embeddings of Knowledge Bases},
 booktitle = {Proceedings of the Twenty-Fifth AAAI Conference on Artificial Intelligence},
 series = {AAAI'11},
 year = {2011},
 location = {San Francisco, California},
 pages = {301--306},
 numpages = {6},
 url = {http://dl.acm.org/citation.cfm?id=2900423.2900470},
 acmid = {2900470},
 publisher = {AAAI Press},
} 

@inproceedings{Bordes:2013:TEM,
 author = {Bordes, Antoine and Usunier, Nicolas and Garcia-Dur\'{a}n, Alberto and Weston, Jason and Yakhnenko, Oksana},
 title = {Translating Embeddings for Modeling Multi-relational Data},
 booktitle = {Proceedings of the 26th International Conference on Neural Information Processing Systems},
 series = {NIPS'13},
 year = {2013},
 location = {Lake Tahoe, Nevada},
 pages = {2787--2795},
 numpages = {9},
 url = {http://dl.acm.org/citation.cfm?id=2999792.2999923},
 acmid = {2999923},
 publisher = {Curran Associates Inc.},
 address = {USA}
} 

@inproceedings{DBLP:conf/icml/NiepertAK16,
  author    = {Mathias Niepert and
               Mohamed Ahmed and
               Konstantin Kutzkov},
  title     = {Learning Convolutional Neural Networks for Graphs},
  booktitle = {Proceedings of the 33nd International Conference on Machine Learning,
               {ICML} 2016, New York City, NY, USA, June 19-24, 2016},
  pages     = {2014--2023},
  year      = {2016}
}

@article{Arbelaitz:2013,
 author = {Arbelaitz, Olatz and Gurrutxaga, Ibai and Muguerza, Javier and P{\'e}Rez, Jes\'{u}S M. and Perona, I\~{n}Igo},
 title = {An Extensive Comparative Study of Cluster Validity Indices},
 journal = {Pattern Recogn.},
 issue_date = {January, 2013},
 volume = {46},
 number = {1},
 month = jan,
 year = {2013},
 issn = {0031-3203},
 pages = {243--256},
 numpages = {14},
 url = {http://dx.doi.org/10.1016/j.patcog.2012.07.021},
 doi = {10.1016/j.patcog.2012.07.021},
 acmid = {2369607},
 publisher = {Elsevier Science Inc.},
 address = {New York, NY, USA},
 keywords = {Cluster validity index, Comparative analysis, Crisp clustering},
} 

@article{Vendramin:2010,
  added-at = {2010-11-10T00:00:00.000+0100},
  author = {Vendramin, Lucas and Campello, Ricardo J. G. B. and Hruschka, Eduardo R.},
  biburl = {https://www.bibsonomy.org/bibtex/26880355f45cff083d1f63d52dc85bc81/dblp},
  ee = {http://dx.doi.org/10.1002/sam.10080},
  interhash = {f63c76eea320db82016f9fee3439c856},
  intrahash = {6880355f45cff083d1f63d52dc85bc81},
  journal = {Statistical Analysis and Data Mining},
  keywords = {dblp},
  number = 4,
  pages = {209-235},
  timestamp = {2010-11-11T11:32:04.000+0100},
  title = {Relative clustering validity criteria: A comparative overview.},
  url = {http://dblp.uni-trier.de/db/journals/sadm/sadm3.html#VendraminCH10},
  volume = 3,
  year = 2010
}


@article{Rousseeuw:1987,
 author = {Rousseeuw, Peter},
 title = {Silhouettes: A Graphical Aid to the Interpretation and Validation of Cluster Analysis},
 journal = {J. Comput. Appl. Math.},
 issue_date = {Nov. 1987},
 volume = {20},
 number = {1},
 month = nov,
 year = {1987},
 issn = {0377-0427},
 pages = {53--65},
 numpages = {13},
 url = {http://dx.doi.org/10.1016/0377-0427(87)90125-7},
 doi = {10.1016/0377-0427(87)90125-7},
 acmid = {38772},
 publisher = {Elsevier Science Publishers B. V.},
 address = {Amsterdam, The Netherlands, The Netherlands},
} 


@article{Blockeel1998285,
title = "Top-down induction of first-order logical decision trees ",
journal = "Artificial Intelligence ",
volume = "101",
number = "1–2",
pages = "285 - 297",
year = "1998",
note = "",
issn = "0004-3702",
doi = "http://dx.doi.org/10.1016/S0004-3702(98)00034-4",
url = "http://www.sciencedirect.com/science/article/pii/S0004370298000344",
author = {Hendrik Blockeel and Luc {De Raedt}}
}


@book{Goodfellow2016,
    title={Deep Learning},
    author={Ian Goodfellow and Yoshua Bengio and Aaron Courville},
    publisher={MIT Press},
    note={\url{http://www.deeplearningbook.org}},
    year={2016}
}

@article{Muggleton1994PredicateIA,
  title={Predicate invention and utilization},
  author={Stephen Muggleton},
  journal={J. Exp. Theor. Artif. Intell.},
  year={1994},
  volume={6},
  pages={121-130}
}

@Article{Muggleton2015,
author="Muggleton, Stephen H.
and Lin, Dianhuan
and Tamaddoni-Nezhad, Alireza",
title="Meta-interpretive learning of higher-order dyadic datalog: predicate invention revisited",
journal="Machine Learning",
year="2015",
month="Jul",
day="01",
volume="100",
number="1",
pages="49--73",
issn="1573-0565",
doi="10.1007/s10994-014-5471-y",
url="https://doi.org/10.1007/s10994-014-5471-y"
}

@inproceedings{Nickel2011, 
    Publisher = {ACM}, 
    Title = {A Three-Way Model for Collective Learning on Multi-Relational Data}, 
    Url = {http://www.icml-2011.org/papers/438_icmlpaper.pdf}, 
    Booktitle = {Proceedings of the 28th International Conference on Machine Learning (ICML-11)}, 
    Author = {Maximilian Nickel and Volker Tresp and Hans-Peter Kriegel}, 
    Year = {2011}, 
    Editor = {Lise Getoor and Tobias Scheffer}, 
    Address = {New York, NY, USA}, 
    Pages = {809--816} 
   }


   @inproceedings{Dumancic2017,
  author    = {Sebastijan Duman\v{c}i\'{c} and Hendrik Blockeel},
  title     = {Clustering-Based Relational Unsupervised Representation Learning with an Explicit Distributed Representation},
  booktitle = {Proceedings of the Twenty-Sixth International Joint Conference on
               Artificial Intelligence, {IJCAI-17}},
  pages     = {1631--1637},
  year      = {2017},
  doi       = {10.24963/ijcai.2017/226},
  url       = {https://doi.org/10.24963/ijcai.2017/226},
}

@article{Dumancic2017a,
 author = {Duman\v{c}i\'{c}, Sebastijan and Blockeel, Hendrik},
 title = {An Expressive Dissimilarity Measure for Relational Clustering Using Neighbourhood Trees},
 journal = {Mach. Learn.},
 issue_date = {October   2017},
 volume = {106},
 number = {9-10},
 month = oct,
 year = {2017},
 issn = {0885-6125},
 pages = {1523--1545},
 numpages = {23},
 url = {https://doi.org/10.1007/s10994-017-5644-6},
 doi = {10.1007/s10994-017-5644-6},
 acmid = {3140716},
 publisher = {Kluwer Academic Publishers},
 address = {Norwell, MA, USA},
 keywords = {Clustering, Relational learning, Similarity of structured objects},
} 

@InProceedings{Dumancic2017b,
author="Duman{\v{c}}i{\'{c}}, Sebastijan
and Blockeel, Hendrik",
editor="Lachiche, Nicolas and Vrain, Christel",
title="Demystifying Relational Latent Representations",
booktitle="Inductive Logic Programming",
year="2018",
publisher="Springer International Publishing",
pages="63--77",
isbn="978-3-319-78090-0",
note="Best Student Paper Award"
}

@articale{Dumancic2018a,
	author={Dumančić, Sebastijan and Guns, Tias and Meert, Wannes and Blockeel, Hendrik},
	title={Auto-encoding Logic Programs},
	year= {2018},
	booktitle = {To appear}
}

@inproceedings{Dumancic2018,
	author={Dumančić, Sebastijan and Garcia-Duran, alberto and Niepert, Mathias},
	title={On embeddings as alternative paradigm for relational learning},
	year= {2018},
	booktitle = {Proceedings of the 8th International Worshop on Statistical Relational Artificial intelligence}
}


@article{SilverHuangEtAl16nature,
  author = {Silver, David and Huang, Aja and Maddison, Chris J. and Guez, Arthur and Sifre, Laurent and van den Driessche, George and Schrittwieser, Julian and Antonoglou, Ioannis and Panneershelvam, Veda and Lanctot, Marc and Dieleman, Sander and Grewe, Dominik and Nham, John and Kalchbrenner, Nal and Sutskever, Ilya and Lillicrap, Timothy and Leach, Madeleine and Kavukcuoglu, Koray and Graepel, Thore and Hassabis, Demis},
  doi = {10.1038/nature16961},
  issn = {0028-0836},
  journal = {Nature},
  month = {jan},
  number = 7587,
  pages = {484--489},
  title = {Mastering the Game of {Go} with Deep Neural Networks and Tree Search},
  username = {flint63},
  volume = 529,
  year = 2016
}

@article{silver2017mastering,
  author = {Silver, David and Schrittwieser, Julian and Simonyan, Karen and Antonoglou, Ioannis and Huang, Aja and Guez, Arthur and Hubert, Thomas and Baker, Lucas and Lai, Matthew and Bolton, Adrian and Chen, Yutian and Lillicrap, Timothy and Hui, Fan and Sifre, Laurent and van den Driessche, George and Graepel, Thore and Hassabis, Demis},
  journal = {Nature},
  month = {oct},
  pages = {354--},
  publisher = {Macmillan Publishers Limited, part of Springer Nature. All rights reserved.},
  timestamp = {2017-12-15T02:14:58.000+0100},
  title = {Mastering the game of Go without human knowledge},
  volume = 550,
  year = 2017
}

@article{journals/aim/FerrucciBCFGKLMNPSW10,
  author = {Ferrucci, David A. and Brown, Eric W. and Chu-Carroll, Jennifer and Fan, James and Gondek, David and Kalyanpur, Aditya and Lally, Adam and Murdock, J. William and Nyberg, Eric and Prager, John M. and Schlaefer, Nico and Welty, Christopher A.},
  biburl = {https://www.bibsonomy.org/bibtex/2a8955f5188266bbc86cfb1482af0d0a4/butonic},
  ee = {http://www.aaai.org/ojs/index.php/aimagazine/article/view/2303},
  interhash = {c3fa1d7b2cfb8fc1742b8a4ec0151392},
  intrahash = {a8955f5188266bbc86cfb1482af0d0a4},
  journal = {AI Magazine},
  keywords = {ai answering dis ibm language natural nlp processing qa question watson},
  number = 3,
  pages = {59-79},
  timestamp = {2012-02-05T17:29:37.000+0100},
  title = {Building Watson: An Overview of the DeepQA Project.},
  url = {http://dblp.uni-trier.de/db/journals/aim/aim31.html#FerrucciBCFGKLMNPSW10},
  volume = 31,
  year = 2010
}


@book{Hsu:2002:BDB:601291,
 author = {Hsu, Feng-Hsiung},
 title = {Behind Deep Blue: Building the Computer That Defeated the World Chess Champion},
 year = {2002},
 isbn = {0691090653},
 publisher = {Princeton University Press},
 address = {Princeton, NJ, USA}
} 







