@inproceedings{DBLP:conf/ijcai/CraenendonckDB17,
  author    = {Toon {van Craenendonck} and
               Sebastijan Dumančić and
               Hendrik Blockeel},
  title     = {{COBRA:} {A} Fast and Simple Method for Active Clustering with Pairwise
               Constraints},
  booktitle = {{IJCAI}},
  pages     = {2871--2877},
  publisher = {ijcai.org},
  year      = {2017},
  pdf = {2017_VanCraenendonckDumancicBlockeel_IJCAI.pdf},
  code = {https://dtai.cs.kuleuven.be/software/cobras/}
}

@inproceedings{DBLP:journals/corr/DumancicB16,
  author    = {Sebastijan Dumančić and
               Hendrik Blockeel},
  title     = {Unsupervised Relational Representation Learning via Clustering: Preliminary
               Results},
  booktitle   = {6th workshop on Statistical Relational Artificial Intelligence {StarAI} at {IJCAI}},
  year      = {2016},
  pdf = {2016/pubs/2016_DumancicBlockeel_StarAI.pdf}
}

@inproceedings{DBLP:journals/corr/DumancicMB16,
  author    = {Sebastijan Dumančić and
               Wannes Meert and
               Hendrik Blockeel},
  title     = {Theory reconstruction: a representation learning view on predicate
               invention},
  booktitle   = {6th workshop on Statistical Relational Artificial Intelligence {StarAI} at {IJCAI}},
  year      = {2016},
  pdf = {2016/pubs/2016_DumancicMeertBlockeel_StarAI.pdf}
}

@inproceedings{DBLP:journals/corr/abs-1803-11060,
  author    = {Toon van Craenendonck and
               Sebastijan Dumančić and
               Elia Van Wolputte and
               Hendrik Blockeel},
  title     = {{COBRAS:} Interactive Clustering with Pairwise Queries},
  booktitle = {{Symposium on Intelligence Data Analysis (IDA)}},
  series    = {Lecture Notes in Computer Science},
  volume    = {11191},
  pages     = {353--366},
  publisher = {Springer},
  year      = {2018}
}

@inproceedings{DBLP:journals/corr/abs-1805-00779,
  author    = {Toon van Craenendonck and
               Wannes Meert and
               Sebastijan Dumančić and
               Hendrik Blockeel},
  title     = {{COBRASTS:} {A} New Approach to Semi-supervised Clustering of Time
               Series},
  booktitle = {{Discovery Science}},
  series    = {Lecture Notes in Computer Science},
  volume    = {11198},
  pages     = {179--193},
  publisher = {Springer},
  year      = {2018}
}

@inproceedings{DBLP:journals/corr/abs-1805-10872,
title = {DeepProbLog:  Neural Probabilistic Logic Programming},
author = {Manhaeve, Robin and Dumančić, Sebastijan and Kimmig, Angelika and Demeester, Thomas and De Raedt, Luc},
booktitle = {Advances in Neural Information Processing Systems 31},
editor = {S. Bengio and H. Wallach and H. Larochelle and K. Grauman and N. Cesa-Bianchi and R. Garnett},
pages = {3753--3760},
year = {2018},
publisher = {Curran Associates, Inc.},
url = {http://papers.nips.cc/paper/7632-deepproblog-neural-probabilistic-logic-programming.pdf}
}

@inproceedings{emnlp18,
  author    = {Alberto Garc{\'{\i}}a{-}Dur{\'{a}}n and
               Sebastijan Dumančić and
               Mathias Niepert},
  title     = {Learning Sequence Encoders for Temporal Knowledge Graph Completion},
  booktitle = {Proceedings of the 2018 Conference on Empirical Methods in Natural
               Language Processing, Brussels, Belgium, October 31 - November 4, 2018},
  pages     = {4816--4821},
  year      = {2018},
  crossref  = {DBLP:conf/emnlp/2018},
  url       = {https://aclanthology.info/papers/D18-1516/d18-1516},
  timestamp = {Sat, 27 Oct 2018 20:04:50 +0200},
  biburl    = {https://dblp.org/rec/bib/conf/emnlp/Garcia-DuranDN18},
  bibsource = {dblp computer science bibliography, https://dblp.org}
}

@inproceedings{DBLP:conf/ecai/DumancicB16,
  author    = {Sebastijan Dumančić and
               Hendrik Blockeel},
  title     = {An Efficient and Expressive Similarity Measure for Relational Clustering
               Using Neighbourhood Trees},
  booktitle = {{ECAI}},
  series    = {Frontiers in Artificial Intelligence and Applications},
  volume    = {285},
  pages     = {1674--1675},
  publisher = {{IOS} Press},
  pdf = {2016/pubs/2016_DumancicBlockeel_ECAI.pdf}
}

  @inproceedings{Dumancic2017,
  author    = {Sebastijan Dumančić and Hendrik Blockeel},
  title     = {Clustering-Based Relational Unsupervised Representation Learning with an Explicit Distributed Representation},
  booktitle = {Proceedings of the Twenty-Sixth International Joint Conference on
               Artificial Intelligence, {IJCAI-17}},
  pages     = {1631--1637},
  year      = {2017},
  doi       = {10.24963/ijcai.2017/226},
  url       = {https://doi.org/10.24963/ijcai.2017/226},
}

@article{Dumancic2017a,
 author = {Dumančić, Sebastijan and Blockeel, Hendrik},
 title = {An Expressive Dissimilarity Measure for Relational Clustering Using Neighbourhood Trees},
 journal = {Machine Learning},
 issue_date = {October   2017},
 volume = {106},
 number = {9-10},
 month = oct,
 year = {2017},
 issn = {0885-6125},
 pages = {1523--1545},
 numpages = {23},
 url = {https://doi.org/10.1007/s10994-017-5644-6},
 doi = {10.1007/s10994-017-5644-6},
 acmid = {3140716},
 publisher = {Kluwer Academic Publishers},
 address = {Norwell, MA, USA},
 keywords = {Clustering, Relational learning, Similarity of structured objects},
}

@InProceedings{Dumancic2017b,
author="Dumančić, Sebastijan
and Blockeel, Hendrik",
editor="Lachiche, Nicolas and Vrain, Christel",
title="Demystifying Relational Latent Representations",
booktitle="Inductive Logic Programming",
year="2018",
publisher="Springer International Publishing",
pages="63--77",
isbn="978-3-319-78090-0",
note="Best Student Paper Award"
}

@inproceedings{Dumancic2018a,
  author={Dumančić, Sebastijan and Guns, Tias and Meert, Wannes and Blockeel, Hendrik},
  title={Auto-encoding Logic Programs},
  year= {2018},
  booktitle = {Proceedings of the 2nd Workshop on Neural Abstract Machines and Program Induction}
}

@inproceedings{Dumancic2018,
  author={Dumančić, Sebastijan and Garcia-Duran, alberto and Niepert, Mathias},
  title={On embeddings as alternative paradigm for relational learning},
  year= {2018},
  booktitle = {Proceedings of the 8th International Worshop on Statistical Relational Artificial intelligence}
}

@article{AlpsSubmitted,
  author={Dumančić, Sebastijan and Guns, Tias and Meert, Wannes and Blockeel, Hendrik},
  title={Auto-encoding Logic Programs},
  year= {2018},
  journal = {preparations}
}

@article{AnalysisSubmitted,
  author={Dumančić, Sebastijan and Garcia-Duran, Alberto and Niepert, Mathias},
  title={A comparative study of distributional and symbolic paradigms for relational learning},
  year= {2018},
  journal = {preparation}
}

@inproceedings{Dumancic2018c,
  author={Zuidberg Dos Martires, Pedro and Dumančić, Sebastijan},
  title={Reactive Probabilistic Programming},
  year= {2018},
  booktitle = {the International Conference on Probabilistic Programming}
}
